@article{Sun2020,
author = {Sun, Jiajia and Wei, Xiaolong},
year = {2020},
month = {12},
pages = {},
title = {Recovering sparse models in 3D potential‐field inversion without bound dependence or staircasing problems using a mixed Lp‐norm regularization},
volume = {69},
journal = {Geophysical Prospecting},
doi = {10.1111/1365-2478.13063}
}
@article{Clark2000,
author = {Clark, David},
year = {2000},
month = {04},
pages = {31-36},
title = {Self-demagnetisation in practice: the Osborne Cu-Au deposit},
volume = {85},
journal = {Preview}
}
@article{Clark2014,
author = {Clark, David},
year = {2014},
month = {12},
pages = {271},
title = {Methods for determining remanent and total magnetisations of magnetic sources - A review},
volume = {45},
journal = {Exploration Geophysics},
doi = {10.1071/EG14013}
}
@article{Cockett2015,
author = {Cockett, Rowan and Kang, Seogi and Heagy, Lindsey and Pidlisecky, Adam and Oldenburg, Douglas},
year = {2015},
month = {09},
pages = {},
title = {SimPEG: An open source framework for simulation and gradient based parameter estimation in geophysical applications},
volume = {85},
journal = {Computers & Geosciences},
doi = {10.1016/j.cageo.2015.09.015}
}

@article{Fournier2019,
author = {Fournier, Dominique and Oldenburg, Douglas},
year = {2019},
month = {07},
pages = {268-282},
title = {Inversion using spatially variable mixed p norms},
volume = {218},
journal = {Geophysical Journal International},
doi = {10.1093/gji/ggz156}
}
@article{Li2018,
author = {Li, Zelin and Yao, Changli and Zheng, Yuanman and Zhang, Yuwen and Wang, Junheng},
year = {2018},
month = {01},
pages = {1-56},
title = {3D magnetic sparse inversion using an interior-point method},
volume = {83},
journal = {GEOPHYSICS},
doi = {10.1190/geo2016-0652.1}
}
@article{Oldenburg2005,
author = {Oldenburg, Douglas and Li, Yaoguo},
year = {2005},
month = {01},
pages = {},
title = {5. Inversion for Applied Geophysics: A Tutorial},
isbn = {978-1-56080-130-6},
journal = {Near-surface Geophysics},
doi = {10.1190/1.9781560801719.ch5}
}
@article{Li1996,
author = {Li, Yaoguo and Oldenburg, Douglas},
year = {1996},
month = {03},
pages = {},
title = {3-D inversion of magnetic data},
volume = {61},
journal = {Geophysics},
doi = {10.1190/1.1443968}
}
@article{Lelievre2006,
author = {Lelievre, Peter and Oldenburg, Douglas},
year = {2006},
month = {07},
pages = {76 - 90},
title = {Magnetic forward modelling and inversion for high susceptibility},
volume = {166},
journal = {Geophysical Journal International},
doi = {10.1111/j.1365-246X.2006.02964.x}
}
@article{Lelievre2009,
author = {Lelievre, Peter and Oldenburg, Douglas},
year = {2009},
month = {05},
pages = {L21-},
title = {A 3D total magnetization inversion applicable when significant, complicated remanence is present},
volume = {74},
journal = {Geophysics},
doi = {10.1190/1.3103249}
}


@article{Ghalenhnoee2021,
author = {Ghalehnoee, Mohammad and Ansari, Abdolhamid},
year = {2021},
month = {08},
pages = {},
title = {Compact magnetization vector inversion},
volume = {228},
journal = {Geophysical Journal International},
doi = {10.1093/gji/ggab330}
}


@article{Tikhonov1977,
	title = {Solutions of {Ill}-{Posed} {Problems}},
	volume = {32},
	issn = {0470991240},
	url = {http://www.getcited.org/pub/101760676},
	abstract = {CHAPTER II THE REGULARIZATION METHOD In Chapter I, we examined the situation ... A new approach to the solution of ill-posed problems that was developed in ...},
	journal = {SIAM Review},
	author = {Tikhonov, A. N. and Arsenin, V. Y.},
	year = {1977},
	note = {ISBN: 0470991240},
	pages = {1320--1322},
}

